@book{cgal:eb-18a,
  title = {{CGAL} User and Reference Manual},
  author = {{The CGAL Project}},
  publisher = {{CGAL Editorial Board}},
  edition = {{4.12}},
  year = 2018,
  url = {https://doc.cgal.org/4.12/Manual/packages.html}
}

@incollection{cgal:gw-p2-18a,
  author = {Geert-Jan Giezeman and Wieger Wesselink},
  title = {{2D} Polygons},
  publisher = {{CGAL Editorial Board}},
  edition = {{4.12}},
  booktitle = {{CGAL} User and Reference Manual},
  url =
  {https://doc.cgal.org/4.12/Manual/packages.html#PkgPolygon2Summary},
  year = 2018
}

@article{10.2307/30044198,
  ISSN = {0025570X, 19300980},
  URL = {http://www.jstor.org/stable/30044198},
  author = {Xianfu Wang},
  journal = {Mathematics Magazine},
  number = {5},
  pages = {390--395},
  publisher = {Mathematical Association of America},
  title = {Volumes of Generalized Unit Balls},
  volume = {78},
  year = {2005}
}

@misc{2004vieth,
  title={Vieth v. Jubelirer},
  booktitle={US},
  volume={541},
  pages={267},
  number={No. 02-1580},
  year={2004},
  publisher={Supreme Court}
}
